@article{bib:vanOos1983solid,
  title={The solid angle of a plane triangle},
  author={Van Oosterom, Adriaan and Strackee, Jan},
  journal={IEEE transactions on Biomedical Engineering},
  number={2},
  pages={125--126},
  year={1983},
  publisher={IEEE}
}
